@article{landau1989fast,
  title={Fast parallel and serial approximate string matching},
  author={Landau, Gad M and Vishkin, Uzi},
  journal={Journal of algorithms},
  volume={10},
  number={2},
  pages={157--169},
  year={1989},
  publisher={Elsevier}
}